@article{molenaar2004manifesto,
  title={A manifesto on psychology as idiographic science: Bringing the person back into scientific psychology, this time forever},
  author={Molenaar, Peter CM},
  journal={Measurement},
  volume={2},
  number={4},
  pages={201--218},
  year={2004},
  publisher={Taylor \& Francis}
}


@article{epskamp2018personalized,
  title={Personalized network modeling in psychopathology: The importance of contemporaneous and temporal connections},
  author={Epskamp, Sacha and van Borkulo, Claudia D and van der Veen, Date C and Servaas, Michelle N and Isvoranu, Adela-Maria and Riese, Harri{\"e}tte and Cramer, Ang{\'e}lique OJ},
  journal={Clinical Psychological Science},
  volume={6},
  number={3},
  pages={416--427},
  year={2018},
  publisher={Sage Publications Sage CA: Los Angeles, CA}
}


@book{isvoranu2022network,
  title={Network psychometrics with R: A guide for behavioral and social scientists},
  author={Isvoranu, Adela-Maria and Epskamp, Sacha and Waldorp, Lourens and Borsboom, Denny},
  year={2022},
  publisher={Routledge}
}
